<?xml version="1.0" encoding="UTF-8"?><record xmlns="http://www.loc.gov/MARC21/slim" xmlns:cinclude="http://apache.org/cocoon/include/1.0" xmlns:zs="http://www.loc.gov/zing/srw/">
  <leader>00666cz  a2200169n  4500</leader>
  <controlfield tag="001">n 2006028267</controlfield>
  <controlfield tag="003">DLC</controlfield>
  <controlfield tag="005">20110316074842.0</controlfield>
  <controlfield tag="008">060412n| acannaabn          |a aaa      </controlfield>
  <datafield tag="010" ind1=" " ind2=" ">
    <subfield code="a">n 2006028267</subfield>
  </datafield>
  <datafield tag="035" ind1=" " ind2=" ">
    <subfield code="a">(OCoLC)oca06910265</subfield>
  </datafield>
  <datafield tag="040" ind1=" " ind2=" ">
    <subfield code="a">DLC</subfield>
    <subfield code="b">eng</subfield>
    <subfield code="c">DLC</subfield>
    <subfield code="d">TxHU</subfield>
  </datafield>
  <datafield tag="100" ind1="1" ind2=" ">
    <subfield code="a">Ferrer, Enric,</subfield>
    <subfield code="d">1958-</subfield>
  </datafield>
  <datafield tag="400" ind1="1" ind2=" ">
    <subfield code="a">Ferrer Busquets, Enric,</subfield>
    <subfield code="d">1958-</subfield>
  </datafield>
  <datafield tag="400" ind1="1" ind2=" ">
    <subfield code="a">Busquets, Enric Ferrer,</subfield>
    <subfield code="d">1958-</subfield>
  </datafield>
  <datafield tag="670" ind1=" " ind2=" ">
    <subfield code="a">Casals, Joan. Música catalana del segle XX per a orgue, 2004:</subfield>
    <subfield code="b">container (Enric Ferrer (1958- )) insert (b. Barcelona; pianist, composer)</subfield>
  </datafield>
  <datafield tag="670" ind1=" " ind2=" ">
    <subfield code="a">Rodríguez Picó, J. Homenatge a Francesc Tàrrega, 2010:</subfield>
    <subfield code="b">t.p. (Enric Ferrer) p. [4] (Enric Ferrer Busquets)</subfield>
  </datafield>
</record>